00602cas a22002291a 4500
001 9917738013502836
003 Nz
005 20161223172955.0
008 040109d1982uuuunz  r ne      0   0 eng d
035    $a (Nz)8177784
035    $a (OCoLC)947774593
035    $a (NLNZils)1773801
035    $a (NLNZils)1773801-ilsdb
040    $a WN $c WN
042    $a nznb
043    $a u-nz---
245 00 $a Otumoetai express.
260    $a Tauranga [N.Z.]
362 0  $a 1982 Dec.11-?
500    $a [1982] Dec.11 = no.1, 1983 Feb. = no.2.
651  0 $a Tauranga (N.Z.) $v Newspapers.
655  7 $a New Zealand newspapers. $2 local $5 Nz
